<?xml version="1.0" encoding="UTF-8"?><collection xmlns="http://www.loc.gov/MARC21/slim"><record><leader>00341nam--2200121-i-4500</leader><controlfield tag="001">000022284</controlfield><controlfield tag="002">20161230</controlfield><controlfield tag="005">20161230201034</controlfield><controlfield tag="008">060222s1000------------r-----000-0-eng-d</controlfield><datafield ind1=" " ind2=" " tag="100"><subfield code="a">Huber, R., Spode, E</subfield></datafield><datafield ind1=" " ind2=" " tag="245"><subfield code="a">Biologisch-chemischer strahlenschutz. eine ubersicht in tabellen</subfield></datafield><datafield ind1=" " ind2=" " tag="260"><subfield code="a">Berlin, Akademie-verlag, 1961, P.Dif</subfield></datafield><datafield ind1=" " ind2=" " tag="852"><subfield code="a">19014</subfield></datafield></record></collection>